@ARTICLE{Czaja-Ziolkowska2022-pd,
  title     = "An update on the coronary calcium score: a review for clinicians",
  author    = "Czaja-Zi{\'o}{\l}kowska, Monika Z and Wasilewski, Jaros{\l}aw
               and G{\k a}sior, Mariusz and G{\l}owacki, Jan",
  journal   = "Postepy Kardiol. Interwencyjnej",
  publisher = "Termedia Sp. z.o.o.",
  volume    =  18,
  number    =  3,
  pages     = "201--205",
  month     =  sep,
  year      =  2022,
  keywords  = "computed tomography; coronary artery calcium; coronary artery
               disease",
  language  = "en"
}
@article{liu2015current,
  title={Current understanding of coronary artery calcification},
  author={Liu, Wei and Zhang, Yue and Yu, Cheuk-Man and Ji, Qing-Wei and Cai, Meng and Zhao, Ying-Xin and Zhou, Yu-Jie},
  journal={Journal of geriatric cardiology: JGC},
  volume={12},
  number={6},
  pages={668},
  year={2015},
  publisher={Institute of Geriatric Cardiology, Chinese PLA General Hospital}
}
@ARTICLE{Budoff2018-uo,
  title    = "Ten-year association of coronary artery calcium with
              atherosclerotic cardiovascular disease ({ASCVD}) events: the
              multi-ethnic study of atherosclerosis ({MESA})",
  author   = "Budoff, Matthew J and Young, Rebekah and Burke, Gregory and
              Jeffrey Carr, J and Detrano, Robert C and Folsom, Aaron R and
              Kronmal, Richard and Lima, Joao A C and Liu, Kiang J and
              McClelland, Robyn L and Michos, Erin and Post, Wendy S and Shea,
              Steven and Watson, Karol E and Wong, Nathan D",
  journal  = "Eur Heart J",
  volume   =  39,
  number   =  25,
  pages    = "2401--2408",
  month    =  jul,
  year     =  2018,
  address  = "England",
  language = "en"
}
@misc{vanvelzen2021ai,
  title={AI for Calcium Scoring}, 
  author={Sanne G. M. van Velzen and Nils Hampe and Bob D. de Vos and Ivana IÅ¡gum},
  year={2021},
  eprint={2105.12558},
  archivePrefix={arXiv},
  primaryClass={eess.IV}
}
@article{AGATSTON1990827,
  title = {Quantification of coronary artery calcium using ultrafast computed tomography},
  journal = {Journal of the American College of Cardiology},
  volume = {15},
  number = {4},
  pages = {827-832},
  year = {1990},
  issn = {0735-1097},
  doi = {https://doi.org/10.1016/0735-1097(90)90282-T},
  url = {https://www.sciencedirect.com/science/article/pii/073510979090282T},
  author = {Arthur S. Agatston and Warren R. Janowitz and Frank J. Hildner and Noel R. Zusmer and Manuel Viamonte and Robert Detrano}
}
@article{Lessmann_2018,
	doi = {10.1109/tmi.2017.2769839},
	url = {https://doi.org/10.1109%2Ftmi.2017.2769839},
	year = 2018,
	month = 2,
	publisher = {Institute of Electrical and Electronics Engineers ({IEEE})},
	volume = {37},
	number = {2},
	pages = {615--625},
	author = {Nikolas Lessmann and Bram van Ginneken and Majd Zreik and Pim A. de Jong and Bob D. de Vos and Max A. Viergever and Ivana Isgum},
	title = {Automatic Calcium Scoring in Low-Dose Chest {CT} Using Deep Neural Networks With Dilated Convolutions},
	journal = {{IEEE} Transactions on Medical Imaging}
}
@misc{chest_radiograph,
  doi = {10.53347/rID-14511},
  url = {https://radiopaedia.org/articles/14511},
  author = {Jones J and Chieng R and Murphy A et al.},
  title = {Chest radiograph. Reference article, Radiopaedia.org},
  urldate = {2023-08-04}
}
@ARTICLE{Wolterink2015-ii,
  title     = "Automatic coronary calcium scoring in non-contrast-enhanced
               {ECG-triggered} cardiac {CT} with ambiguity detection",
  author    = "Wolterink, Jelmer M and Leiner, Tim and Takx, Richard A P and
               Viergever, Max A and Isgum, Ivana",
  journal   = "IEEE Trans. Med. Imaging",
  publisher = "Institute of Electrical and Electronics Engineers (IEEE)",
  volume    =  34,
  number    =  9,
  pages     = "1867--1878",
  month     =  sep,
  year      =  2015,
  copyright = "https://ieeexplore.ieee.org/Xplorehelp/downloads/license-information/IEEE.html",
  language  = "en"
}
@ARTICLE{Cano-Espinosa2018-gm,
  title    = "Automated Agatston score computation in {non-ECG} gated {CT}
              scans using deep learning",
  author   = "Cano-Espinosa, Carlos and Gonz{\'a}lez, Germ{\'a}n and Washko,
              George R and Cazorla, Miguel and Est{\'e}par, Ra{\'u}l San
              Jos{\'e}",
  journal  = "Proc. SPIE",
  volume   =  10574,
  month    =  feb,
  year     =  2018,
  keywords = "Agatston score; computed aided detection; deep learning;
              pulmonary CT",
  language = "en"
}
@article{de_Vos_2019,
  doi = {10.1109/tmi.2019.2899534},
  url = {https://doi.org/10.1109%2Ftmi.2019.2899534},
  title={Direct automatic coronary calcium scoring in cardiac and chest CT},
  author={De Vos, Bob D and Wolterink, Jelmer M and Leiner, Tim and De Jong, Pim A and Lessmann, Nikolas and I{\v{s}}gum, Ivana},
  journal={IEEE transactions on medical imaging},
  volume={38},
  number={9},
  pages={2127--2138},
  year={2019},
  month = 9,
  publisher={IEEE}
}
@article{kamel_2021,
  author = {Kamel, Peter I. and Yi, Paul H. and Sair, Haris I. and Lin, Cheng Ting},
  title = {Prediction of Coronary Artery Calcium and Cardiovascular Risk on Chest Radiographs Using Deep Learning},
  journal = {Radiology: Cardiothoracic Imaging},
  volume = {3},
  number = {3},
  pages = {e200486},
  year = {2021},
  doi = {10.1148/ryct.2021200486},
  URL = {https://doi.org/10.1148/ryct.2021200486},
  eprint = {https://doi.org/10.1148/ryct.2021200486}
}
@Thesis{iodice_2022,
  author      = {Iodice, Francesco},
  title       = {Predizione del calcio coronarico da radiografie basata sul Deep Learning},
  type        = {mathesis},
  institution = {University of Turin},
  year        = {2022}
}
@misc{simonyan2015deep,
      title={Very Deep Convolutional Networks for Large-Scale Image Recognition}, 
      author={Karen Simonyan and Andrew Zisserman},
      year={2015},
      eprint={1409.1556},
      archivePrefix={arXiv},
      primaryClass={cs.CV}
}
@inproceedings{imagenet_cvpr09,
  AUTHOR = {Deng, J. and Dong, W. and Socher, R. and Li, L.-J. and Li, K. and Fei-Fei, L.},
  TITLE = {{ImageNet: A Large-Scale Hierarchical Image Database}},
  BOOKTITLE = {CVPR09},
  YEAR = {2009},
  BIBSOURCE = "http://www.image-net.org/papers/imagenet_cvpr09.bib"
}
@inproceedings{huang2018densely,
  author={Huang, Gao and Liu, Zhuang and Van Der Maaten, Laurens and Weinberger, Kilian Q.},
  booktitle={2017 IEEE Conference on Computer Vision and Pattern Recognition (CVPR)}, 
  title={Densely Connected Convolutional Networks}, 
  year={2017},
  pages={2261-2269},
  doi={10.1109/CVPR.2017.243}
}
@article{Irvin_2019,
  title={CheXpert: A Large Chest Radiograph Dataset with Uncertainty Labels and Expert Comparison},
  volume={33},
  url={https://ojs.aaai.org/index.php/AAAI/article/view/3834},
  DOI={10.1609/aaai.v33i01.3301590},
  number={01},
  journal={Proceedings of the AAAI Conference on Artificial Intelligence},
  author={Irvin, Jeremy and Rajpurkar, Pranav and Ko, Michael and Yu, Yifan and Ciurea-Ilcus, Silviana and Chute, Chris and Marklund, Henrik and Haghgoo, Behzad and Ball, Robyn and Shpanskaya, Katie and Seekins, Jayne and Mong, David A. and Halabi, Safwan S. and Sandberg, Jesse K. and Jones, Ricky and Larson, David B. and Langlotz, Curtis P. and Patel, Bhavik N. and Lungren, Matthew P. and Ng, Andrew Y.},
  year={2019},
  month=7,
  pages={590-597}
}
@misc{zhang2023distilling,
      title={Distilling Missing Modality Knowledge from Ultrasound for Endometriosis Diagnosis with Magnetic Resonance Images}, 
      author={Yuan Zhang and Hu Wang and David Butler and Minh-Son To and Jodie Avery and M Louise Hull and Gustavo Carneiro},
      year={2023},
      eprint={2307.02000},
      archivePrefix={arXiv},
      primaryClass={eess.IV}
}
@Article{McCulloch1943,
  author={McCulloch, Warren S. and Pitts, Walter},
  title={A logical calculus of the ideas immanent in nervous activity},
  journal={The bulletin of mathematical biophysics},
  year={1943},
  month={12},
  day={01},
  volume={5},
  number={4},
  pages={115-133},
  issn={1522-9602},
  doi={10.1007/BF02478259},
  url={https://doi.org/10.1007/BF02478259}
}
@article{Kullback1951,
  author = {S. Kullback and R. A. Leibler},
  title = {{On Information and Sufficiency}},
  volume = {22},
  journal = {The Annals of Mathematical Statistics},
  number = {1},
  publisher = {Institute of Mathematical Statistics},
  pages = {79 -- 86},
  year = {1951},
  doi = {10.1214/aoms/1177729694},
  URL = {https://doi.org/10.1214/aoms/1177729694}
}
@misc{kingma2014,
  author = {Kingma, Diederik and Ba, Jimmy},
  year = {2014},
  month = {12},
  title = {Adam: A Method for Stochastic Optimization},
  journal = {International Conference on Learning Representations}
}
@ARTICLE{LeCun1989,
  author={LeCun, Y. and Boser, B. and Denker, J. S. and Henderson, D. and Howard, R. E. and Hubbard, W. and Jackel, L. D.},
  journal={Neural Computation}, 
  title={Backpropagation Applied to Handwritten Zip Code Recognition}, 
  year={1989},
  volume={1},
  number={4},
  pages={541-551},
  doi={10.1162/neco.1989.1.4.541}
}
@misc{wolfram_conv,
  author = {Weisstein, Eric W.},
  title = {Convolution},
  url = {https://mathworld.wolfram.com/Convolution.html},
  publisher = {MathWorld--A Wolfram Web Resource.},
  urldate = {2023-08-13}
}
@inproceedings{ribani2019survey,
  title={A survey of transfer learning for convolutional neural networks},
  author={Ribani, Ricardo and Marengoni, Mauricio},
  booktitle={2019 32nd SIBGRAPI conference on graphics, patterns and images tutorials (SIBGRAPI-T)},
  pages={47--57},
  year={2019},
  organization={IEEE}
}
@article{gou2021knowledge,
  title={Knowledge distillation: A survey},
  author={Gou, Jianping and Yu, Baosheng and Maybank, Stephen J and Tao, Dacheng},
  journal={International Journal of Computer Vision},
  volume={129},
  pages={1789--1819},
  year={2021},
  publisher={Springer}
}
@article{hinton2015distilling,
  title={Distilling the knowledge in a neural network},
  author={Hinton, Geoffrey and Vinyals, Oriol and Dean, Jeff},
  journal={arXiv preprint arXiv:1503.02531},
  year={2015}
}
@misc{kaggle_heart_dataset,
  author = {Tomar, Nikhil},
  title = {CT Heart Dataset},
  url = {https://www.kaggle.com/datasets/nikhilroxtomar/ct-heart-segmentation},
  publisher = {Kaggle},
  urldate = {2023-08-21}
}
@misc{Iakubovskii:2019,
  Author = {Pavel Iakubovskii},
  Title = {Segmentation Models Pytorch},
  Year = {2019},
  Publisher = {GitHub},
  Journal = {GitHub repository},
  Howpublished = {\url{https://github.com/qubvel/segmentation_models.pytorch}}
}
@inproceedings{lin2017feature,
  title={Feature pyramid networks for object detection},
  author={Lin, Tsung-Yi and Doll{\'a}r, Piotr and Girshick, Ross and He, Kaiming and Hariharan, Bharath and Belongie, Serge},
  booktitle={Proceedings of the IEEE conference on computer vision and pattern recognition},
  pages={2117--2125},
  year={2017}
}
@inproceedings{ronneberger2015u,
  title={U-net: Convolutional networks for biomedical image segmentation},
  author={Ronneberger, Olaf and Fischer, Philipp and Brox, Thomas},
  booktitle={Medical Image Computing and Computer-Assisted Intervention--MICCAI 2015: 18th International Conference, Munich, Germany, October 5-9, 2015, Proceedings, Part III 18},
  pages={234--241},
  year={2015},
  organization={Springer}
}
@article{barber1996quickhull,
  title={The quickhull algorithm for convex hulls},
  author={Barber, C Bradford and Dobkin, David P and Huhdanpaa, Hannu},
  journal={ACM Transactions on Mathematical Software (TOMS)},
  volume={22},
  number={4},
  pages={469--483},
  year={1996},
  publisher={Acm New York, NY, USA}
}
@inproceedings{lin2017focal,
  title={Focal loss for dense object detection},
  author={Lin, Tsung-Yi and Goyal, Priya and Girshick, Ross and He, Kaiming and Doll{\'a}r, Piotr},
  booktitle={Proceedings of the IEEE international conference on computer vision},
  pages={2980--2988},
  year={2017}
}
@inproceedings{ioffe2015batch,
  title={Batch normalization: Accelerating deep network training by reducing internal covariate shift},
  author={Ioffe, Sergey and Szegedy, Christian},
  booktitle={International conference on machine learning},
  pages={448--456},
  year={2015},
  organization={pmlr}
}
@misc{MONAI,
  title = {MONAI Medical Open Network for Artificial Intelligence},
  url = {https://monai.io/},
  urldate = {2023-08-26}
}
@misc{luna16,
  title = {LUng Nodule Analysis 2016 dataset},
  url = {https://luna16.grand-challenge.org/Home/},
  urldate = {2023-08-26}
}
@inproceedings{he2016deep,
  title={Deep residual learning for image recognition},
  author={He, Kaiming and Zhang, Xiangyu and Ren, Shaoqing and Sun, Jian},
  booktitle={Proceedings of the IEEE conference on computer vision and pattern recognition},
  pages={770--778},
  year={2016}
}
@article{lowekamp2013design,
  title={The design of SimpleITK},
  author={Lowekamp, Bradley C and Chen, David T and Ib{\'a}{\~n}ez, Luis and Blezek, Daniel},
  journal={Frontiers in neuroinformatics},
  volume={7},
  pages={45},
  year={2013},
  publisher={Frontiers Media SA}
}
@incollection{pytorch,
  title = {PyTorch: An Imperative Style, High-Performance Deep Learning Library},
  author = {Paszke, Adam and Gross, Sam and Massa, Francisco and Lerer, Adam and Bradbury, James and Chanan, Gregory and Killeen, Trevor and Lin, Zeming and Gimelshein, Natalia and Antiga, Luca and Desmaison, Alban and Kopf, Andreas and Yang, Edward and DeVito, Zachary and Raison, Martin and Tejani, Alykhan and Chilamkurthy, Sasank and Steiner, Benoit and Fang, Lu and Bai, Junjie and Chintala, Soumith},
  booktitle = {Advances in Neural Information Processing Systems 32},
  pages = {8024--8035},
  year = {2019},
  publisher = {Curran Associates, Inc.},
  url = {http://papers.neurips.cc/paper/9015-pytorch-an-imperative-style-high-performance-deep-learning-library.pdf}
}
@inproceedings{fini2022self,
  title={Self-supervised models are continual learners},
  author={Fini, Enrico and Da Costa, Victor G Turrisi and Alameda-Pineda, Xavier and Ricci, Elisa and Alahari, Karteek and Mairal, Julien},
  booktitle={Proceedings of the IEEE/CVF Conference on Computer Vision and Pattern Recognition},
  pages={9621--9630},
  year={2022}
}
@article{litjens2017survey,
  title={A survey on deep learning in medical image analysis},
  author={Litjens, Geert and Kooi, Thijs and Bejnordi, Babak Ehteshami and Setio, Arnaud Arindra Adiyoso and Ciompi, Francesco and Ghafoorian, Mohsen and Van Der Laak, Jeroen Awm and Van Ginneken, Bram and S{\'a}nchez, Clara I},
  journal={Medical image analysis},
  volume={42},
  pages={60--88},
  year={2017},
  publisher={Elsevier}
}
@article{esteva2017dermatologist,
  title={Dermatologist-level classification of skin cancer with deep neural networks},
  author={Esteva, Andre and Kuprel, Brett and Novoa, Roberto A and Ko, Justin and Swetter, Susan M and Blau, Helen M and Thrun, Sebastian},
  journal={nature},
  volume={542},
  number={7639},
  pages={115--118},
  year={2017},
  publisher={Nature Publishing Group}
}
@article{gulshan2016development,
  title={Development and validation of a deep learning algorithm for detection of diabetic retinopathy in retinal fundus photographs},
  author={Gulshan, Varun and Peng, Lily and Coram, Marc and Stumpe, Martin C and Wu, Derek and Narayanaswamy, Arunachalam and Venugopalan, Subhashini and Widner, Kasumi and Madams, Tom and Cuadros, Jorge and others},
  journal={jama},
  volume={316},
  number={22},
  pages={2402--2410},
  year={2016},
  publisher={American Medical Association}
}
@article{shreya2021coronary,
  title={Coronary artery calcium score-a reliable indicator of coronary artery disease?},
  author={Shreya, Devarashetty and Zamora, Diana I and Patel, Gautami S and Grossmann, Idan and Rodriguez, Kevin and Soni, Mridul and Joshi, Pranay K and Patel, Saawan C and Sange, Ibrahim},
  journal={Cureus},
  volume={13},
  number={12},
  year={2021},
  publisher={Cureus}
}
@article{desai2018thoracic,
  title={Thoracic aortic calcification: diagnostic, prognostic, and management considerations},
  author={Desai, Milind Y and Cremer, Paul C and Schoenhagen, Paul},
  journal={JACC: Cardiovascular Imaging},
  volume={11},
  number={7},
  pages={1012--1026},
  year={2018},
  publisher={American College of Cardiology Foundation Washington, DC}
}
@article{viegas2022significance,
  title={Significance and distribution of aortic valve calcium score before TAVI},
  author={Viegas, Jos{\'e} Miguel and Grazina, Andr{\'e} and Castelo, Alexandra and Mendonca, Tiago and Rodrigues, In{\^e}s and Ramos, Ruben and Fiarresga, Ant{\'o}nio and Cacela, Duarte and Ferreira, Rui Cruz},
  journal={European Heart Journal},
  volume={43},
  number={Supplement\_2},
  pages={ehac544--175},
  year={2022},
  publisher={Oxford University Press US}
}
@article{wolterink2016evaluation,
  title={An evaluation of automatic coronary artery calcium scoring methods with cardiac CT using the orCaScore framework},
  author={Wolterink, Jelmer M and Leiner, Tim and De Vos, Bob D and Coatrieux, Jean-Louis and Kelm, B Michael and Kondo, Satoshi and Salgado, Rodrigo A and Shahzad, Rahil and Shu, Huazhong and Snoeren, Miranda and others},
  journal={Medical physics},
  volume={43},
  number={5},
  pages={2361--2373},
  year={2016},
  publisher={Wiley Online Library}
}
@article{lecun2015deep,
  title={Deep learning},
  author={LeCun, Yann and Bengio, Yoshua and Hinton, Geoffrey},
  journal={nature},
  volume={521},
  number={7553},
  pages={436--444},
  year={2015},
  publisher={Nature Publishing Group UK London}
}
@article{rumelhart1986learning,
  title={Learning representations by back-propagating errors},
  author={Rumelhart, David E and Hinton, Geoffrey E and Williams, Ronald J},
  journal={nature},
  volume={323},
  number={6088},
  pages={533--536},
  year={1986},
  publisher={Nature Publishing Group UK London}
}
@article{rosenblatt1958perceptron,
  title={The perceptron: a probabilistic model for information storage and organization in the brain.},
  author={Rosenblatt, Frank},
  journal={Psychological review},
  volume={65},
  number={6},
  pages={386},
  year={1958},
  publisher={American Psychological Association}
}
@article{krizhevsky2012imagenet,
  title={Imagenet classification with deep convolutional neural networks},
  author={Krizhevsky, Alex and Sutskever, Ilya and Hinton, Geoffrey E},
  journal={Advances in neural information processing systems},
  volume={25},
  year={2012}
}
@article{hinton2012deep,
  title={Deep neural networks for acoustic modeling in speech recognition: The shared views of four research groups},
  author={Hinton, Geoffrey and Deng, Li and Yu, Dong and Dahl, George E and Mohamed, Abdel-rahman and Jaitly, Navdeep and Senior, Andrew and Vanhoucke, Vincent and Nguyen, Patrick and Sainath, Tara N and others},
  journal={IEEE Signal processing magazine},
  volume={29},
  number={6},
  pages={82--97},
  year={2012},
  publisher={IEEE}
}
@article{bengio2000neural,
  title={A neural probabilistic language model},
  author={Bengio, Yoshua and Ducharme, R{\'e}jean and Vincent, Pascal},
  journal={Advances in neural information processing systems},
  volume={13},
  year={2000}
}
@article{grigorescu2020survey,
  title={A survey of deep learning techniques for autonomous driving},
  author={Grigorescu, Sorin and Trasnea, Bogdan and Cocias, Tiberiu and Macesanu, Gigel},
  journal={Journal of Field Robotics},
  volume={37},
  number={3},
  pages={362--386},
  year={2020},
  publisher={Wiley Online Library}
}
@article{ramachandran2017searching,
  title={Searching for activation functions},
  author={Ramachandran, Prajit and Zoph, Barret and Le, Quoc V},
  journal={arXiv preprint arXiv:1710.05941},
  year={2017}
}
@article{lstm1997,
  author={Hochreiter, Sepp and Schmidhuber, JÃ¼rgen},
  journal={Neural Computation}, 
  title={Long Short-Term Memory}, 
  year={1997},
  volume={9},
  number={8},
  pages={1735-1780},
  doi={10.1162/neco.1997.9.8.1735}
}
@article{romero2014fitnets,
  title={Fitnets: Hints for thin deep nets},
  author={Romero, Adriana and Ballas, Nicolas and Kahou, Samira Ebrahimi and Chassang, Antoine and Gatta, Carlo and Bengio, Yoshua},
  journal={arXiv preprint arXiv:1412.6550},
  year={2014}
}
@inproceedings{zhang2018deep,
  title={Deep mutual learning},
  author={Zhang, Ying and Xiang, Tao and Hospedales, Timothy M and Lu, Huchuan},
  booktitle={Proceedings of the IEEE conference on computer vision and pattern recognition},
  pages={4320--4328},
  year={2018}
}
@article{zhang2021adversarial,
  title={Adversarial co-distillation learning for image recognition},
  author={Zhang, Haoran and Hu, Zhenzhen and Qin, Wei and Xu, Mingliang and Wang, Meng},
  journal={Pattern Recognition},
  volume={111},
  pages={107659},
  year={2021},
  publisher={Elsevier}
}
@inproceedings{zhang2019your,
  title={Be your own teacher: Improve the performance of convolutional neural networks via self distillation},
  author={Zhang, Linfeng and Song, Jiebo and Gao, Anni and Chen, Jingwei and Bao, Chenglong and Ma, Kaisheng},
  booktitle={Proceedings of the IEEE/CVF international conference on computer vision},
  pages={3713--3722},
  year={2019}
}
@inproceedings{belagiannis2018adversarial,
  title={Adversarial network compression},
  author={Belagiannis, Vasileios and Farshad, Azade and Galasso, Fabio},
  booktitle={Proceedings of the European Conference on Computer Vision (ECCV) Workshops},
  year={2018}
}